<?xml version="1.0" encoding="UTF-8"?><collection xmlns="http://www.loc.gov/MARC21/slim"><record><leader>00294nam--2200121-i-4500</leader><controlfield tag="001">000003895</controlfield><controlfield tag="002">20161230</controlfield><controlfield tag="005">20161230201025</controlfield><controlfield tag="008">060222s1000------------r-----000-0-eng-d</controlfield><datafield ind1=" " ind2=" " tag="080"><subfield code="a">621</subfield></datafield><datafield ind1=" " ind2=" " tag="245"><subfield code="a">Agenda tehnicianului aschietor</subfield></datafield><datafield ind1=" " ind2=" " tag="260"><subfield code="a">Bucuresti, Editura Tehnica, 1954. 103 P</subfield></datafield><datafield ind1=" " ind2=" " tag="852"><subfield code="a">26674</subfield></datafield></record></collection>